@inproceedings{Yangarber2017GroupingBN,
  title={Grouping business news stories based on salience of named entities},
  author={Roman Yangarber and Llorenç Escoter and Lidia Pivovarova and Mian Du and Anisia Katinskaia},
  booktitle={EACL},
  year={2017}
}

@article {INT:INT1022,
  author = {Lam, W. and Meng, H. M. L. and Wong, K. L. and Yen, J. C. H.},
  title = {Using contextual analysis for news event detection},
  journal = {International Journal of Intelligent Systems},
  volume = {16},
  number = {4},
  publisher = {John Wiley & Sons, Inc.},
  issn = {1098-111X},
  url = {http://dx.doi.org/10.1002/int.1022},
  doi = {10.1002/int.1022},
  pages = {525--546},
  year = {2001},
}
